<record><leader>00000cas a22000007a 4500</leader><controlfield tag="001">10293195</controlfield><controlfield tag="008">840112d18001802njuwr ne      0    0eng d</controlfield><datafield ind1=" " ind2=" " tag="010"><subfield code="a">sn 84025699 </subfield></datafield><datafield ind1=" " ind2=" " tag="040"><subfield code="a">NPV</subfield><subfield code="b">eng</subfield><subfield code="c">NPV</subfield><subfield code="d">NPU</subfield><subfield code="d">DLC</subfield><subfield code="d">NPA</subfield><subfield code="d">NPX</subfield><subfield code="d">NJW</subfield><subfield code="d">OCLCQ</subfield><subfield code="d">OCLCG</subfield><subfield code="d">KRTAS</subfield><subfield code="d">DLC</subfield><subfield code="d">OCLCA</subfield><subfield code="d">CUS</subfield></datafield><datafield ind1=" " ind2=" " tag="042"><subfield code="a">msc</subfield></datafield><datafield ind1=" " ind2=" " tag="043"><subfield code="a">n-us-nj</subfield></datafield><datafield ind1=" " ind2=" " tag="045"><subfield code="a">w0w0</subfield></datafield><datafield ind1="0" ind2="0" tag="050"><subfield code="a">Newspaper</subfield></datafield><datafield ind1="1" ind2="4" tag="050"><subfield code="a">AN</subfield></datafield><datafield ind1=" " ind2=" " tag="052"><subfield code="a">3813</subfield><subfield code="b">M4</subfield></datafield><datafield ind1="0" ind2="4" tag="245"><subfield code="a">The Federalist &amp; New-Jersey State gazette.</subfield></datafield><datafield ind1="3" ind2="0" tag="246"><subfield code="a">Federalist and New Jersey State gazette</subfield></datafield><datafield ind1=" " ind2=" " tag="260"><subfield code="a">Trenton, N.J. :</subfield><subfield code="b">Printed by Sherman, Mershon, Thomas &amp; Craft,</subfield><subfield code="c">1800-1802.</subfield></datafield><datafield ind1=" " ind2=" " tag="300"><subfield code="a">v. ;</subfield><subfield code="c">51 cm.</subfield></datafield><datafield ind1=" " ind2=" " tag="310"><subfield code="a">Weekly</subfield></datafield><datafield ind1="0" ind2=" " tag="362"><subfield code="a">Vol. 2, no. 71 (July 8, 1800)-v. 4, no. 166 (May 4, 1802).</subfield></datafield><datafield ind1=" " ind2=" " tag="500"><subfield code="a">Imprint varies: Printed by Sherman, Mershon &amp; Thomas, 1800-1801; Printed by Sherman &amp; Mershon, 1801-1802.</subfield></datafield><datafield ind1=" " ind2=" " tag="500"><subfield code="a">References: Evans 37415; Brigham, C.S. Amer. newspapers, p. 517.</subfield></datafield><datafield ind1=" " ind2=" " tag="515"><subfield code="a">Continues the numbering of: New-Jersey State gazette (Trenton, N.J. : 1799).</subfield></datafield><datafield ind1=" " ind2=" " tag="530"><subfield code="a">Also issued on microfilm by Norton Micro Images.</subfield></datafield><datafield ind1="1" ind2=" " tag="700"><subfield code="a">Sherman, George,</subfield><subfield code="d">1774?-1835.</subfield></datafield><datafield ind1="1" ind2=" " tag="700"><subfield code="a">Mershon, John,</subfield><subfield code="d">-1806.</subfield></datafield><datafield ind1="1" ind2=" " tag="700"><subfield code="a">Thomas, Isaiah,</subfield><subfield code="d">1773-1835.</subfield></datafield><datafield ind1="1" ind2=" " tag="700"><subfield code="a">Craft, Gershom,</subfield><subfield code="d">-1808.</subfield></datafield><datafield ind1=" " ind2=" " tag="752"><subfield code="a">United States</subfield><subfield code="b">New Jersey</subfield><subfield code="c">Mercer</subfield><subfield code="d">Trenton.</subfield></datafield><datafield ind1="0" ind2="4" tag="780"><subfield code="t">Federalist; or New-Jersey gazette</subfield><subfield code="w">(DLC)sn 84026653</subfield><subfield code="w">(OCoLC)10539361</subfield></datafield><datafield ind1="0" ind2="4" tag="780"><subfield code="t">New-Jersey State gazette (Trenton, N.J. : 1799)</subfield><subfield code="w">(DLC)sn 84020598</subfield><subfield code="w">(OCoLC)11219114</subfield></datafield><datafield ind1="0" ind2="0" tag="785"><subfield code="t">Trenton federalist</subfield><subfield code="x">2326-4357</subfield><subfield code="w">(DLC)sn 84026654</subfield><subfield code="w">(OCoLC)10541513</subfield></datafield><datafield ind1="4" ind2="1" tag="856"><subfield code="3">1800-12-02 to 1802-05-04.</subfield><subfield code="u">http://infoweb.newsbank.com/?db=EANX&amp;s_browseRef=decades/110118BAA8DF8810/all.xml</subfield></datafield><datafield ind1=" " ind2=" " tag="938"><subfield code="a">Kirtas Technologies, Inc.</subfield><subfield code="b">KRTS</subfield><subfield code="n">738033</subfield></datafield><datafield ind1="1" ind2=" " tag="029"><subfield code="a">AU@</subfield><subfield code="b">000025836915</subfield></datafield></record>